<?xml version="1.0" encoding="UTF-8"?>
<collection xmlns:xsi="http://www.w3.org/2001/XMLSchema-instance" xsi:schemaLocation="http://www.loc.gov/MARC21/slim http://www.loc.gov/standards/marcxml/schema/MARC21slim.xsd" xmlns="http://www.loc.gov/MARC21/slim">
<record>
  <leader>02078cam a2200409 a 4500</leader>
  <controlfield tag="001">643006</controlfield>
  <controlfield tag="003">NNC</controlfield>
  <controlfield tag="005">20121017230017.0</controlfield>
  <controlfield tag="008">890123m19819999ir       b    000 0 arar </controlfield>
  <datafield tag="010" ind1=" " ind2=" ">
    <subfield code="a">  83129750/ne/r86</subfield>
  </datafield>
  <datafield tag="035" ind1=" " ind2=" ">
    <subfield code="a">(OCoLC)478720219</subfield>
  </datafield>
  <datafield tag="035" ind1=" " ind2=" ">
    <subfield code="a">(OCoLC)ocn478720219</subfield>
  </datafield>
  <datafield tag="035" ind1=" " ind2=" ">
    <subfield code="a">(CStRLIN)NYCG88-B28714</subfield>
  </datafield>
  <datafield tag="035" ind1=" " ind2=" ">
    <subfield code="a">(NNC)643006</subfield>
  </datafield>
  <datafield tag="040" ind1=" " ind2=" ">
    <subfield code="d">CStRLIN</subfield>
    <subfield code="d">NNU</subfield>
    <subfield code="d">NNU</subfield>
  </datafield>
  <datafield tag="066" ind1=" " ind2=" ">
    <subfield code="c">(3</subfield>
  </datafield>
  <datafield tag="090" ind1=" " ind2=" ">
    <subfield code="a">BP161.2</subfield>
    <subfield code="b">.H235 1981</subfield>
  </datafield>
  <datafield tag="100" ind1="1" ind2=" ">
    <subfield code="6">880-01</subfield>
    <subfield code="a">Ḥāʼirī, Muḥammad Riḍā.</subfield>
  </datafield>
  <datafield tag="245" ind1="1" ind2="3">
    <subfield code="6">880-02</subfield>
    <subfield code="a">al-Ḥayāh :</subfield>
    <subfield code="b">mawsūʻah, Islāmīyah, ʻilmīyah, mawḍūʻīyah, tukhaṭiṭu manāhij al-ḥayāh al-ḥurrah al-ṣāʻidah, lil-fard wa-al-mujtamaʻ, wa-tadʻū ilá daʻm niẓām insānī ṣāliḥ, fī jamīʻ āfāq al-arḍ/</subfield>
    <subfield code="c">waḍʻ wa-tadwīn Muḥammad Riḍā al-Ḥakīmī, Muḥammad al-Ḥakīmī, ʻAlī al-Ḥakīmī.</subfield>
  </datafield>
  <datafield tag="250" ind1=" " ind2=" ">
    <subfield code="6">880-03</subfield>
    <subfield code="a">al-Ṭabʻah 3.</subfield>
  </datafield>
  <datafield tag="260" ind1=" " ind2=" ">
    <subfield code="6">880-04</subfield>
    <subfield code="a">Ṭihrān :</subfield>
    <subfield code="b">Dāʾirat al-Ṭibāʻah wa-al-Nashr,</subfield>
    <subfield code="c">1401 [1981 or 1982]-</subfield>
  </datafield>
  <datafield tag="300" ind1=" " ind2=" ">
    <subfield code="a">v.  ;</subfield>
    <subfield code="c">25 cm.</subfield>
  </datafield>
  <datafield tag="500" ind1=" " ind2=" ">
    <subfield code="a">Title on added t.p.: al-Ḥayāt = Life.</subfield>
  </datafield>
  <datafield tag="500" ind1=" " ind2=" ">
    <subfield code="a">Edition varies.</subfield>
  </datafield>
  <datafield tag="504" ind1=" " ind2=" ">
    <subfield code="a">Includes bibliographical references.</subfield>
  </datafield>
  <datafield tag="650" ind1=" " ind2="0">
    <subfield code="a">Islam.</subfield>
  </datafield>
  <datafield tag="700" ind1="1" ind2=" ">
    <subfield code="6">880-05</subfield>
    <subfield code="a">Ḥakīmī, Muḥammad.</subfield>
  </datafield>
  <datafield tag="700" ind1="1" ind2=" ">
    <subfield code="6">880-06</subfield>
    <subfield code="a">Ḥakīmī, ʻAlī.</subfield>
  </datafield>
  <datafield tag="740" ind1="0" ind2=" ">
    <subfield code="a">Ḥayāt.</subfield>
  </datafield>
  <datafield tag="740" ind1="0" ind2=" ">
    <subfield code="a">Life.</subfield>
  </datafield>
  <datafield tag="880" ind1="1" ind2=" ">
    <subfield code="6">100-01/(3/r</subfield>
    <subfield code="a">جكيم، محمد رضا.</subfield>
  </datafield>
  <datafield tag="880" ind1="1" ind2="2">
    <subfield code="6">245-02/(3/r</subfield>
    <subfield code="a">الجياة ؛</subfield>
    <subfield code="b">موسوعة، اسلامية، علمية، موضوعيه، تخطط مناهج الجياه الجره الصاعده للفرد والمجتمع، وتدعو الى دعم نضام انسانى صالج، فى جميع افاق الارض /</subfield>
    <subfield code="c">وضع وتدوين محمد رضا الجكيم، محمد الجكيم، على الجكيم.</subfield>
  </datafield>
  <datafield tag="880" ind1=" " ind2=" ">
    <subfield code="6">250-03/(3/r</subfield>
    <subfield code="a">الطبعه ٣.</subfield>
  </datafield>
  <datafield tag="880" ind1=" " ind2=" ">
    <subfield code="6">260-04/(3/r</subfield>
    <subfield code="a">تهران ؛</subfield>
    <subfield code="b">دائرة الطباعه والنشر،</subfield>
    <subfield code="c">١٠٤١ [١٨٩١ or ٢٨٩١]--</subfield>
  </datafield>
  <datafield tag="880" ind1="1" ind2=" ">
    <subfield code="6">700-05/(3/r</subfield>
    <subfield code="a">حكيم، محمد.</subfield>
  </datafield>
  <datafield tag="880" ind1="1" ind2=" ">
    <subfield code="6">700-06/(3/r</subfield>
    <subfield code="a">حكيم، على،</subfield>
  </datafield>
  <datafield tag="955" ind1=" " ind2=" ">
    <subfield code="b">0064886212</subfield>
    <subfield code="d">glx</subfield>
    <subfield code="e">BP161.2 .H233 1981g</subfield>
    <subfield code="v">v.1</subfield>
  </datafield>
</record>
</collection>